@ARTICLE{AndBMJ,
	author = "Anderson, Keaven~M.",
	title="Optimal Spending Functions for Asymmetric Group Sequential Designs.",
	journal="Biometrical Journal",
	volume="49",
	pages="337-345",
	year="2007"}

@ARTICLE{AndClark,
	author = "Anderson, Keaven M. and Clark, Jason B.",
	title = "Fitting spending functions.",
	journal = "Statistics in Medicine",
	volume="To appear"}

@ARTICLE{BarbJenn,
	author = "Barber, S. and Jennison, Christopher",
	title ="Optimal asymmetric one-sided group sequential tests.",
	journal = "Biometrika",
	volume = "89",
	pages = "49-60",
	year = "2002"}

@ARTICLE{BauerKohne,
	author = "Bauer, Peter and Kohne, F.",
	title ="Evaluation of experiments with adaptive interim analyses.",
	journal = "Biometrics",
	volume = "50",
	pages = "1029-1041",
	year = "1994"}

@ARTICLE{BurSon,
	author = "Burman, Carl-Fredrik and Sonesson, Christian",
	title ="Are flexible designs sound?",
	journal = "Biometrics",
	volume = "62",
	pages = "664-669",
	year = "2006"}

@ARTICLE{BurSonR,
	author = "Burman, Carl-Fredrik and Sonesson, Christian",
	title ="Rejoinder to discussion of `Are flexible designs sound?'",
	journal = "Biometrics",
	volume = "62",
	pages = "680-683",
	year = "2006"}

@ARTICLE{BurSonJT,
	author = "Jennison, Christopher and Turnbull, Bruce~W.",
	title ="Discussion of `Are flexible designs sound?'",
	journal = "Biometrics",
	volume = "62",
	pages = "670-673",
	year = "2006"}

@ARTICLE{BurSonPro,
	author = "Proschan, Michael A.",
	title ="Discussion of `Are flexible designs sound?'",
	journal = "Biometrics",
	volume = "62",
	pages = "674-676",
	year = "2006"}

@ARTICLE{BurSonBau,
	author = "Bauer, Peter",
	title ="Discussion of `Are flexible designs sound?'",
	journal = "Biometrics",
	volume = "62",
	pages = "676-678",
	year = "2006"}

@ARTICLE{BurSonFri,
	author = "Fris\grave{e}n, Marianne",
	title ="Discussion of `Are flexible designs sound?'",
	journal = "Biometrics",
	volume = "62",
	pages = "678-680",
	year = "2006"}

@ARTICLE{CAPTURE,
	author="CAPTUREInvestigators",
	title="Randomised placebo-controlled trial of abciximab before and during coronary intervention in refractory unstable angina: 
	the CAPTURE study.",
	journal="Lancet",
	volume="349",
	pages="1429-1435",
	year="1997"}

@ARTICLE{DiabetesCV,
	author="Center for Drug Evaluation and Research",
	title="Guidance for Industry: Diabetes Mellitus — Evaluating Cardiovascular Risk in New Antidiabetic Therapies to Treat Type 2 Diabetes",
	publisher="United States Department of Health and Human Services, Food and Drug Administration",
	address="{\tt http://www.fda.gov/cder/guidance/8576fnl.pdf}",
	year="2008"}

@ARTICLE{ChangOpt,
	author="Chang, M.~N.",
	title="Optimal designs for group sequential clinical trials.",
	journal="Communications in Statistics - Theory and Methods",
	year="1996",
	volume="25",
	pages="361-379"}

@ARTICLE{CuiHungWang,
author="Cui, L. and Hung, H. M. J. and Wang, S.~J.",
title="Modifications of sample size in group sequential clinical trials.",
journal="Biometrics",
volume="55", 
pages="853–857",
year="1999"}

@BOOK{Dmitrienko,
   author = "Dmitrienko, Alex and Molenberghs, Geert and Chuang-Stein, Christy and Offen, Walter",
   title = "Analysis of Clinical Trials Using SAS: A Practical Guide",
   publisher = "SAS Institute, Inc.",
   address = "Cary, NC",
   year = "2005"}

@BOOK{EAST,
   author = "Cytel, Inc.",
   title = "EAST 5",
   publisher = "Cytel, Inc.",
   address = "Cambridge, MA",
   year = "2007"}

@ARTICLE{EPILOG,
	author="The\_EPILOG\_Investigators",
	title="Platelet glycoprotein IIb/IIIa receptor blockade and low-dose heparin during percutaneous coronary revascularization.",
	journal="New England Journal of Medicine",
	volume ="336",
	pages="1689-1696",
	year="1996"}

@ARTICLE{FarringtonManning,
author="Farrington, Conor P. and Manning, Godfrey",
title="Test statistics and sample size formulae for comparative binomial trials with null hypothesis of non-zero risk difference or non-unity relative risk.",
journal="Statistics in Medicine",
volume="9", 
pages="1447-1454",
year="1990"}

@ARTICLE{FairbanksMadsen,
author="Kenneth Fairbanks and Richard Madsen",
title="P-values for tests using a repeated significance test design",
journal="Biometrika",
volume="69",
year="1982",
pages="69-74"}

@ARTICLE{FTU,
author="Fleiss, Joseph L. and Tytun, Alex and Ury, Hans K.",
title="A simple approximation for calculating sample sizes for comparing independent proportions.",
journal="Biometrics",
volume="36", 
pages="343-346",
year="1980"}

@ARTICLE{FPG,
author="Follman, Dean A. and Proschan, Michael A. and Geller, Nancy L.",
title="Monitoring pairwise comparisons in multi-armed clinical trials.",
journal="Biometrics",
volume="50", 
pages="325-336",
year="1994"}

@ARTICLE{GordonWatson,
author="Gordon, I. and Watson R.",
title="The myth of continuity-corrected sample size formulae.",
journal="Biometrics",
volume="52",
pages="71-76",
year="1985"}

@ARTICLE{GUSTOV,
   author="The\_GUSTO\_V\_Investigators",
	title="Reperfusion therapy for acute myocardial infarction with fibrinolytic therapy or combination reduced fibrinolytic
	therapy and platelet glycoprotein IIb/IIIa inhibition: the GUSTO V randomised trial.",
	journal="Lancet",
	volume="357",
	pages="1905-1914",
	year="2001"}

@ARTICLE{HwangShihDeCani,
	author="Hwang, I.~K. and Shih, W.~J. and DeCani, J.~S.",
	title = "Group sequential designs using a family of Type 1 error probability spending functions.",
	journal= "Statistics in Medicine",
	year= "1990",
	volume="9",
	pages="1439-1445"}

@ARTICLE{JennOpt,
	author="Jennison, Christopher",
	title="Efficient group sequential tests with unpredictable group sizes.",
	journal="Biometrika",
	volume="74",
	pages="155-165",
	year="1987"}

@ARTICLE{JennEales,
	author = "Jennison, Christopher and Eales, J.~D.",
	title = "An improved method for deriving one-sided group sequential designs.",
	journal = "Biometrika",
	volume = "79",
	year = "1992",
	pages = "13-24"}

@BOOK{JTBook,
   author = "Jennison, Christopher and Turnbull, Bruce W.",
   title = "Group Sequential Methods with Applications to Clinical Trials",
   publisher = "Chapman and Hall/CRC",
   address = "Boca Raton, FL",
   year = "2000"}

@ARTICLE{JTStatMed,
	author = "Jennison, Christopher and Turnbull, Bruce W.", 
	title = "Mid-course sample size modification in clinical trials based on the observed treatment effect.", 
	journal= "Statistics in Medicine",
	volume = "22",
	pages = "971-993",
	year = "2003"}

@ARTICLE{JTefficiency,
	author = "Jennison, Christopher and Turnbull, Bruce W.",
	title="Adaptive and non-adaptive group sequential tests.",
	publisher="Department of Mathematical Sciences, University of Bath, Preprint 04/12",
	address="{\tt http://www.maths.bath.ac.uk/MATHEMATICS/preprints.html}",
	year="2004"}

@ARTICLE{JTStatMed06,
	author = "Jennison, Christopher and Turnbull, Bruce W.", 
	title = "Efficient group sequential designs when there are several effect
sizes under consideration", 
	journal= "Statistics in Medicine",
	volume = "25",
	pages = "917-932",
	year = "2006"}

@ARTICLE{JTBka,
	author = "Jennison, Christopher and Turnbull, Bruce W.", 
	title = "Adaptive and nonadaptive group sequential tests.", 
	journal= "Biometrika",
	volume = "93",
	pages = "1-21",
	year = "2006"}

@ARTICLE{KimDeMets,
	author = "Kim, K. and DeMets, D.~L.",
	title = "Design and analysis of group sequential tests based on Type I error spending rate functions.",
	journal = "Biometrika",
	volume = "74",
	year = "1987",
	pages = "149-154"}

@ARTICLE{Koyama,
	author = "Koyama, T. and Sampson, A.~R. and Gleser, L.~J.",
	title = "A calculus for design of two-stage adaptive procedures.",
	journal= "Journal of the American Statistical Association",
	year = "2005"}

@BOOK{LachinBook,
   author = "Lachin, John M.",
   title = "Biostatistical Methods. The Assessment of Relative Risks",
   publisher = "Wiley",
   address = "New York, NY",
   year = "2000"}

@ARTICLE{LachinFoulkes,
	author = "Lachin, John M. and Foulkes, Mary A.",
	title = "Evaluation of sample size and power for analyses of survival with allowance for nonuniform patient entry, losses to follow-up, noncompliance, and stratification.",
	journal = "Biometrics",
	volume = "42",
	year = "1986",
	pages = "507-519"}

@ARTICLE{LanDeMets,
	author = "Lan, K.~K.~G. and DeMets, David L.",
	title = "Discrete sequential boundaries for clinical trials.",
	journal = "Biometrika",
	volume = "70",
	year = "1983",
	pages = "659-663"}

@ARTICLE{AdaptExtend,
	author = "Liu, Qing and Anderson, Keaven M.", 
	title = "On adaptive extensions of group sequential trials for clinical investigations.",
	journal = "Journal of the American Statistical Association",
	volume = "To appear",
	year = "2008"}

@ARTICLE{AdaptSupplement,
	author = "Liu, Qing and Anderson, Keaven M.", 
	title = "Theory of inference for adaptively extended group sequential sesigns
with applications in clinical trials.",
	journal = "Journal of the American Statistical Association",
	volume = "Supplement to appear",
	year = "2008"}

@ARTICLE{RiskBen,
	author = "Liu, Qing and Anderson, Keaven M. and Pledger, Gordon W.", 
	title = "Benefit-risk evaluation of multi-stage adaptive designs.",
	journal = "Sequential Analysis",
	volume = "23",
	pages = "317-331",
	year = "2004"}

@ARTICLE{LiuChi,
	author = "Liu, Qing and Chi, George Y.", 
	title = "On sample size and inference for two-stage adaptive designs.", 
	journal= "Biometrics",
	volume = "57",
	pages = "172-177",
	year = "2001"}

@ARTICLE{Lokhnygina,
	author = "Lokhnygina, Y. and Tsiatis, A.~A.", 
	title = "Optimal Two-stage Adaptive Designs.", 
	journal= "Submitted for publication"}

@ARTICLE{MandN,
author="Miettinen, Ollie and Nurminen, Markku",
title="Comparative analysis of two rates.",
journal="Statistics in Medicine",
volume="4", 
pages="213-226",
year="1985"}

@ARTICLE{MullerSchafer99,
	author = "Muller, H.~H. and Schafer, H.", 
	title = "Optimization of testing times and critical values in sequential equivalence testing.", 
	journal= "Statistics in Medicine",
	volume = "18",
	pages = "1769-1788",
	year = "1999"}

@ARTICLE{MullerSchafer01,
	author = "Muller, H.~H. and Schafer, H.",
	title = "Adaptive group sequential designs for clinical trials: combining the advantages of adaptive and of classical group sequential approaches.", 
	journal= "Biometrics",
	volume = "57",
	pages = "886-891",
	year = "2001"}

@ARTICLE{OF,
	author = "O'Brien, P.~C. and Fleming, T.~R.", 
	title = "A multiple testing procedure for clinical trials", 
	journal= "Biometrika",
	volume = "35",
	pages = "549-556",
	year = "1979"}

@ARTICLE{PampallonaTsiatis,
	author = "Pampallona, Sandro and Tsiatis, Anastasios A.", 
	title = "Group sequential trials for one-sided and two-sided hypothesis testing with provision for early stopping in favor of the null hypothesis.", 
	journal= "Journal of Statistical Planning and Inference",
	volume = "42",
	pages = "19-35",
	year = "1994"}

@ARTICLE{PampallonaTsiatisKim,
	author = "Pampallona, Sandro and Tsiatis, Anastasios A. and Kim, KyungMann", 
	title = "Interim monitoring of group sequential trials using spending functions for the Type I and Type II error probabilities.", 
	journal="Drug Information Journal",
	volume = "35",
	pages = "113-121",
	year = "2001"}

@ARTICLE{PocockBound,
	author = "Pocock, Stuart J.", 
	title = "Group sequential methods in the design and analysis of clinical trials", 
	journal= "Biometrika",
	volume = "64",
	pages = "191-199",
	year = "1977"}

@ARTICLE{Posch,
	author = "Posch, Martin and Bauer, Peter and Brannath, Werner", 
	title = "Issues in designing flexible trials.", 
	journal= "Statistics in Medicine",
	volume = "22",
	pages = "953-969",
	year = "2003"}

@BOOK{NumericalRecipes,
	author = "Press, W.~H. and Teukolsky, S.~A. and Vetterling, W.~T. and Flannery, B.~P.",
	title = "Numerical Recipes in C: The Art of Scientific Computing",
	edition = "2nd", 
	publisher = "Cambridge University Press",
	address = "New York",
	year= "1992"}

@ARTICLE{ProschanHunsberger,
	author = "Proschan, Michael A. and Hunsberger, S.~A.",  
	title = "Designed extension of studies based on conditional power.", 
	journal= "Biometrics",
	volume = "51",
	pages = "1315-1324",
	year = "1995"}

@ARTICLE{ProLiuHun,
author="Proschan, Michael A. and Liu, Qing and Hunsberger, S.",
title="Practical midcourse sample size modification in clinical trials.",
journal="Controlled Clinical Trials",
volume="24", 
pages="4–15",
year="2003"}

@BOOK{PLWBook,
   author = "Michael A. Proschan and  K. K. Gordon Lan and Janet Turk Wittes",
   title = "Statistical Monitoring of Clinical Trials. A Unified Approach.",
   publisher = "Springer",
   address = "New York, NY",
   year = "2006"}

@ARTICLE{Rebsoft,
author="Reboussin, D.~M. and DeMets, David L. and Kim Kyung Mann, Lan K.~K.~G.", year="1996",
title="Programs for computing group sequential boundaries using the Lan-DeMets method",
\journal="http://www.medsch.wisc.edu/landemets" 
}

@ARTICLE{Reboussin,
author="Reboussin, D.~M. and DeMets, David L. and Kim, Kyung Mann and Lan, K.~K.~G.",
year="2000", 
title="Computations for group sequential boundaries using the Lan-DeMets spending function method",
\journal="Controlled Clinical Trials",
\volume="21",
\pages="190-207"}

@ARTICLE{SellkeSiegmund,
author="Thomas Sellke and David Siegmund",
title="Sequential analysis of the proportional hazards model",
journal="Biometrika",
volume="70",
pages="315-326",
year="1983"}

@ARTICLE{SludWei,
	author = "Slud, Eric~V. and Wei, L.~J.",
	title = "Two-sample repeated significance tests based on the modified Wilcoxon statistic.",
	journal = "Journal of the American Statistical Association",
	volume = "77",
	pages = "862-868",
	year = "xyzzy"}

@ARTICLE{StallardTodd,
author="Stallard, Nigel and Todd, Susan",
title="Sequential designs for phase III clinical trials incorporating treatment selection.",
journal="Statistics in Medicine",
volume="22", 
pages="689-703",
year="2003"}

@ARTICLE{ThachFisher,
author="Thach, Chau T. and Fisher, Lloyd D.",
title="Self-designing two stage trials to minimize expected costs.", 
journal="Biometrics",
volume= "58",
pages="432–438",
year="2002"}

@ARTICLE{Tsiatis,
author="Tsiatis, Anastasio A.",
title="Repeated significance testing for a general class of statistics used in censored survival analysis.",
journal="Journal of the American Statistical Association",
volume="77",
pages="855-861",
year="1982"}

@ARTICLE{TsiatisMehta,
	author = "Tsiatis, A.~A. and Mehta, Cyrus",
	title = "On the inefficiency of the adaptive design for monitoring clinical trials.", 
	journal= "Biometrika",
	volume = "90",
	pages = "367-378",
	year = "2003"}

@ARTICLE{TsiatisRosnerMehta,
	author = "Tsiatis, A.~A. and Rosner, Gary~L. and Mehta, Cyrus",
	title = "Exact confidence intervals following a group sequential test.", 
	journal= "Biometrics",
	volume = "40",
	pages = "797-803",
	year = "1984"}

@ARTICLE{WangTsiatis,
	author="Wang, S.~K. and Tsiatis, A.~A.",
	title="Approximately optimal one-parameter boundaries for group sequential trials.",
	journal="Biometrics", 
	volume="43",
	pages="193-199",
	year="1987"}

@ARTICLE{Wassmer, 
	author = "Wassmer, G.", 
	title = "A comparison of two methods for adaptive interim analyses in clinical trials.", 
	journal= "Biometrics",
	volume = "54",
	pages = "696-705",
	year = "1998"}
